@ARTICLE{2022ApJ...935..167A,
       author = {{Astropy Collaboration} and {Price-Whelan}, Adrian M. and {Lim}, Pey Lian and {Earl}, Nicholas and {Starkman}, Nathaniel and {Bradley}, Larry and {Shupe}, David L. and {Patil}, Aarya A. and {Corrales}, Lia and {Brasseur}, C.~E. and {N{\"o}the}, Maximilian and {Donath}, Axel and {Tollerud}, Erik and {Morris}, Brett M. and {Ginsburg}, Adam and {Vaher}, Eero and {Weaver}, Benjamin A. and {Tocknell}, James and {Jamieson}, William and {van Kerkwijk}, Marten H. and {Robitaille}, Thomas P. and {Merry}, Bruce and {Bachetti}, Matteo and {G{\"u}nther}, H. Moritz and {Aldcroft}, Thomas L. and {Alvarado-Montes}, Jaime A. and {Archibald}, Anne M. and {B{\'o}di}, Attila and {Bapat}, Shreyas and {Barentsen}, Geert and {Baz{\'a}n}, Juanjo and {Biswas}, Manish and {Boquien}, M{\'e}d{\'e}ric and {Burke}, D.~J. and {Cara}, Daria and {Cara}, Mihai and {Conroy}, Kyle E. and {Conseil}, Simon and {Craig}, Matthew W. and {Cross}, Robert M. and {Cruz}, Kelle L. and {D'Eugenio}, Francesco and {Dencheva}, Nadia and {Devillepoix}, Hadrien A.~R. and {Dietrich}, J{\"o}rg P. and {Eigenbrot}, Arthur Davis and {Erben}, Thomas and {Ferreira}, Leonardo and {Foreman-Mackey}, Daniel and {Fox}, Ryan and {Freij}, Nabil and {Garg}, Suyog and {Geda}, Robel and {Glattly}, Lauren and {Gondhalekar}, Yash and {Gordon}, Karl D. and {Grant}, David and {Greenfield}, Perry and {Groener}, Austen M. and {Guest}, Steve and {Gurovich}, Sebastian and {Handberg}, Rasmus and {Hart}, Akeem and {Hatfield-Dodds}, Zac and {Homeier}, Derek and {Hosseinzadeh}, Griffin and {Jenness}, Tim and {Jones}, Craig K. and {Joseph}, Prajwel and {Kalmbach}, J. Bryce and {Karamehmetoglu}, Emir and {Ka{\l}uszy{\'n}ski}, Miko{\l}aj and {Kelley}, Michael S.~P. and {Kern}, Nicholas and {Kerzendorf}, Wolfgang E. and {Koch}, Eric W. and {Kulumani}, Shankar and {Lee}, Antony and {Ly}, Chun and {Ma}, Zhiyuan and {MacBride}, Conor and {Maljaars}, Jakob M. and {Muna}, Demitri and {Murphy}, N.~A. and {Norman}, Henrik and {O'Steen}, Richard and {Oman}, Kyle A. and {Pacifici}, Camilla and {Pascual}, Sergio and {Pascual-Granado}, J. and {Patil}, Rohit R. and {Perren}, Gabriel I. and {Pickering}, Timothy E. and {Rastogi}, Tanuj and {Roulston}, Benjamin R. and {Ryan}, Daniel F. and {Rykoff}, Eli S. and {Sabater}, Jose and {Sakurikar}, Parikshit and {Salgado}, Jes{\'u}s and {Sanghi}, Aniket and {Saunders}, Nicholas and {Savchenko}, Volodymyr and {Schwardt}, Ludwig and {Seifert-Eckert}, Michael and {Shih}, Albert Y. and {Jain}, Anany Shrey and {Shukla}, Gyanendra and {Sick}, Jonathan and {Simpson}, Chris and {Singanamalla}, Sudheesh and {Singer}, Leo P. and {Singhal}, Jaladh and {Sinha}, Manodeep and {Sip{\H{o}}cz}, Brigitta M. and {Spitler}, Lee R. and {Stansby}, David and {Streicher}, Ole and {{\v{S}}umak}, Jani and {Swinbank}, John D. and {Taranu}, Dan S. and {Tewary}, Nikita and {Tremblay}, Grant R. and {de Val-Borro}, Miguel and {Van Kooten}, Samuel J. and {Vasovi{\'c}}, Zlatan and {Verma}, Shresth and {de Miranda Cardoso}, Jos{\'e} Vin{\'\i}cius and {Williams}, Peter K.~G. and {Wilson}, Tom J. and {Winkel}, Benjamin and {Wood-Vasey}, W.~M. and {Xue}, Rui and {Yoachim}, Peter and {Zhang}, Chen and {Zonca}, Andrea and {Astropy Project Contributors}},
        title = "{The Astropy Project: Sustaining and Growing a Community-oriented Open-source Project and the Latest Major Release (v5.0) of the Core Package}",
      journal = {\apj},
     keywords = {Astronomy software, Open source software, Astronomy data analysis, 1855, 1866, 1858, Astrophysics - Instrumentation and Methods for Astrophysics},
         year = 2022,
        month = aug,
       volume = {935},
       number = {2},
          eid = {167},
        pages = {167},
          doi = {10.3847/1538-4357/ac7c74},
archivePrefix = {arXiv},
       eprint = {2206.14220},
 primaryClass = {astro-ph.IM},
       adsurl = {https://ui.adsabs.harvard.edu/abs/2022ApJ...935..167A},
      adsnote = {Provided by the SAO/NASA Astrophysics Data System}
}


@ARTICLE{2018AJ....156..123A,
       author = {{Astropy Collaboration} and {Price-Whelan}, A.~M. and {Sip{\H{o}}cz}, B.~M. and {G{\"u}nther}, H.~M. and {Lim}, P.~L. and {Crawford}, S.~M. and {Conseil}, S. and {Shupe}, D.~L. and {Craig}, M.~W. and {Dencheva}, N. and {Ginsburg}, A. and {VanderPlas}, J.~T. and {Bradley}, L.~D. and {P{\'e}rez-Su{\'a}rez}, D. and {de Val-Borro}, M. and {Aldcroft}, T.~L. and {Cruz}, K.~L. and {Robitaille}, T.~P. and {Tollerud}, E.~J. and {Ardelean}, C. and {Babej}, T. and {Bach}, Y.~P. and {Bachetti}, M. and {Bakanov}, A.~V. and {Bamford}, S.~P. and {Barentsen}, G. and {Barmby}, P. and {Baumbach}, A. and {Berry}, K.~L. and {Biscani}, F. and {Boquien}, M. and {Bostroem}, K.~A. and {Bouma}, L.~G. and {Brammer}, G.~B. and {Bray}, E.~M. and {Breytenbach}, H. and {Buddelmeijer}, H. and {Burke}, D.~J. and {Calderone}, G. and {Cano Rodr{\'\i}guez}, J.~L. and {Cara}, M. and {Cardoso}, J.~V.~M. and {Cheedella}, S. and {Copin}, Y. and {Corrales}, L. and {Crichton}, D. and {D'Avella}, D. and {Deil}, C. and {Depagne}, {\'E}. and {Dietrich}, J.~P. and {Donath}, A. and {Droettboom}, M. and {Earl}, N. and {Erben}, T. and {Fabbro}, S. and {Ferreira}, L.~A. and {Finethy}, T. and {Fox}, R.~T. and {Garrison}, L.~H. and {Gibbons}, S.~L.~J. and {Goldstein}, D.~A. and {Gommers}, R. and {Greco}, J.~P. and {Greenfield}, P. and {Groener}, A.~M. and {Grollier}, F. and {Hagen}, A. and {Hirst}, P. and {Homeier}, D. and {Horton}, A.~J. and {Hosseinzadeh}, G. and {Hu}, L. and {Hunkeler}, J.~S. and {Ivezi{\'c}}, {\v{Z}}. and {Jain}, A. and {Jenness}, T. and {Kanarek}, G. and {Kendrew}, S. and {Kern}, N.~S. and {Kerzendorf}, W.~E. and {Khvalko}, A. and {King}, J. and {Kirkby}, D. and {Kulkarni}, A.~M. and {Kumar}, A. and {Lee}, A. and {Lenz}, D. and {Littlefair}, S.~P. and {Ma}, Z. and {Macleod}, D.~M. and {Mastropietro}, M. and {McCully}, C. and {Montagnac}, S. and {Morris}, B.~M. and {Mueller}, M. and {Mumford}, S.~J. and {Muna}, D. and {Murphy}, N.~A. and {Nelson}, S. and {Nguyen}, G.~H. and {Ninan}, J.~P. and {N{\"o}the}, M. and {Ogaz}, S. and {Oh}, S. and {Parejko}, J.~K. and {Parley}, N. and {Pascual}, S. and {Patil}, R. and {Patil}, A.~A. and {Plunkett}, A.~L. and {Prochaska}, J.~X. and {Rastogi}, T. and {Reddy Janga}, V. and {Sabater}, J. and {Sakurikar}, P. and {Seifert}, M. and {Sherbert}, L.~E. and {Sherwood-Taylor}, H. and {Shih}, A.~Y. and {Sick}, J. and {Silbiger}, M.~T. and {Singanamalla}, S. and {Singer}, L.~P. and {Sladen}, P.~H. and {Sooley}, K.~A. and {Sornarajah}, S. and {Streicher}, O. and {Teuben}, P. and {Thomas}, S.~W. and {Tremblay}, G.~R. and {Turner}, J.~E.~H. and {Terr{\'o}n}, V. and {van Kerkwijk}, M.~H. and {de la Vega}, A. and {Watkins}, L.~L. and {Weaver}, B.~A. and {Whitmore}, J.~B. and {Woillez}, J. and {Zabalza}, V. and {Astropy Contributors}},
        title = "{The Astropy Project: Building an Open-science Project and Status of the v2.0 Core Package}",
      journal = {\aj},
     keywords = {methods: data analysis, methods: miscellaneous, methods: statistical, reference systems, Astrophysics - Instrumentation and Methods for Astrophysics},
         year = 2018,
        month = sep,
       volume = {156},
       number = {3},
          eid = {123},
        pages = {123},
          doi = {10.3847/1538-3881/aabc4f},
archivePrefix = {arXiv},
       eprint = {1801.02634},
 primaryClass = {astro-ph.IM},
       adsurl = {https://ui.adsabs.harvard.edu/abs/2018AJ....156..123A},
      adsnote = {Provided by the SAO/NASA Astrophysics Data System}
}

@ARTICLE{2013A&A...558A..33A,
       author = {{Astropy Collaboration} and {Robitaille}, Thomas P. and
         {Tollerud}, Erik J. and {Greenfield}, Perry and {Droettboom}, Michael and
         {Bray}, Erik and {Aldcroft}, Tom and {Davis}, Matt and
         {Ginsburg}, Adam and {Price-Whelan}, Adrian M. and
         {Kerzendorf}, Wolfgang E. and {Conley}, Alexander and {Crighton}, Neil and
         {Barbary}, Kyle and {Muna}, Demitri and {Ferguson}, Henry and
         {Grollier}, Fr{\'e}d{\'e}ric and {Parikh}, Madhura M. and
         {Nair}, Prasanth H. and {Unther}, Hans M. and {Deil}, Christoph and
         {Woillez}, Julien and {Conseil}, Simon and {Kramer}, Roban and
         {Turner}, James E.~H. and {Singer}, Leo and {Fox}, Ryan and
         {Weaver}, Benjamin A. and {Zabalza}, Victor and {Edwards}, Zachary I. and
         {Azalee Bostroem}, K. and {Burke}, D.~J. and {Casey}, Andrew R. and
         {Crawford}, Steven M. and {Dencheva}, Nadia and {Ely}, Justin and
         {Jenness}, Tim and {Labrie}, Kathleen and {Lim}, Pey Lian and
         {Pierfederici}, Francesco and {Pontzen}, Andrew and {Ptak}, Andy and
         {Refsdal}, Brian and {Servillat}, Mathieu and {Streicher}, Ole},
        title = "{Astropy: A community Python package for astronomy}",
      journal = {\aap},
     keywords = {methods: data analysis, methods: miscellaneous, virtual observatory tools, Astrophysics - Instrumentation and Methods for Astrophysics},
         year = "2013",
        month = "Oct",
       volume = {558},
          eid = {A33},
        pages = {A33},
          doi = {10.1051/0004-6361/201322068},
archivePrefix = {arXiv},
       eprint = {1307.6212},
 primaryClass = {astro-ph.IM},
       adsurl = {https://ui.adsabs.harvard.edu/abs/2013A&A...558A..33A},
      adsnote = {Provided by the SAO/NASA Astrophysics Data System}
}



@ARTICLE{2018AJ....156...82C,
       author = {{Cloutier}, Ryan and {Doyon}, Ren{\'e} and {Bouchy}, Francois and
         {H{\'e}brard}, Guillaume},
        title = "{Quantifying the Observational Effort Required for the Radial Velocity Characterization of TESS Planets}",
      journal = {\aj},
     keywords = {methods: analytical, planets and satellites: detection, planets and satellites: fundamental parameters, techniques: radial velocities, Astrophysics - Earth and Planetary Astrophysics},
         year = "2018",
        month = "Aug",
       volume = {156},
       number = {2},
          eid = {82},
        pages = {82},
          doi = {10.3847/1538-3881/aacea9},
archivePrefix = {arXiv},
       eprint = {1807.01263},
 primaryClass = {astro-ph.EP},
       adsurl = {https://ui.adsabs.harvard.edu/abs/2018AJ....156...82C},
      adsnote = {Provided by the SAO/NASA Astrophysics Data System}
}



@INPROCEEDINGS{1989BAAS...21..780H,
       author = {{Hanisch}, R.~J. and {Biemesderfer}, C.~D.},
        title = "{T$_{E}$X and LAT$_{E}$X Macro Definition Files for Astronomical Publications}",
    booktitle = {\baas},
         year = "1989",
        month = "Mar",
        pages = {780},
       adsurl = {https://ui.adsabs.harvard.edu/abs/1989BAAS...21..780H},
      adsnote = {Provided by the SAO/NASA Astrophysics Data System}
}

@BOOK{lamport94,
       author = {{Lamport}, L.},
        title = "{LaTeX: A Document Preparation System}",
    publisher = {Addison-Wesley Professional},
	 year = "1994",
      edition = {2},
	 isbn = {0201529831}
}

@ARTICLE{2016AJ....152...41P,
       author = {{Pr{\v{s}}a}, Andrej and {Harmanec}, Petr and {Torres}, Guillermo and
         {Mamajek}, Eric and {Asplund}, Martin and {Capitaine}, Nicole and
         {Christensen-Dalsgaard}, J{\o}rgen and {Depagne}, {\'E}ric and
         {Haberreiter}, Margit and {Hekker}, Saskia},
        title = "{Nominal Values for Selected Solar and Planetary Quantities: IAU 2015 Resolution B3}",
      journal = {\aj},
     keywords = {planets and satellites: fundamental parameters, standards, stars: fundamental parameters, stars: general, Sun: fundamental parameters, Astrophysics - Solar and Stellar Astrophysics, Astrophysics - Earth and Planetary Astrophysics, Astrophysics - Instrumentation and Methods for Astrophysics},
         year = "2016",
        month = "Aug",
       volume = {152},
       number = {2},
          eid = {41},
        pages = {41},
          doi = {10.3847/0004-6256/152/2/41},
archivePrefix = {arXiv},
       eprint = {1605.09788},
 primaryClass = {astro-ph.SR},
       adsurl = {https://ui.adsabs.harvard.edu/abs/2016AJ....152...41P},
      adsnote = {Provided by the SAO/NASA Astrophysics Data System}
}

@ARTICLE{2011ApJS..197...31S,
       author = {{Schwarz}, Greg J. and {Ness}, Jan-Uwe and {Osborne}, J.~P. and
         {Page}, K.~L. and {Evans}, P.~A. and {Beardmore}, A.~P. and
         {Walter}, Frederick M. and {Helton}, L. Andrew and
         {Woodward}, Charles E. and {Bode}, Mike and {Starrfield}, Sumner and
         {Drake}, Jeremy J.},
        title = "{Swift X-Ray Observations of Classical Novae. II. The Super Soft Source Sample}",
      journal = {\apjs},
     keywords = {novae, cataclysmic variables, ultraviolet: stars, X-rays: stars, Astrophysics - Solar and Stellar Astrophysics, Astrophysics - High Energy Astrophysical Phenomena},
         year = "2011",
        month = "Dec",
       volume = {197},
       number = {2},
          eid = {31},
        pages = {31},
          doi = {10.1088/0067-0049/197/2/31},
archivePrefix = {arXiv},
       eprint = {1110.6224},
 primaryClass = {astro-ph.SR},
       adsurl = {https://ui.adsabs.harvard.edu/abs/2011ApJS..197...31S},
      adsnote = {Provided by the SAO/NASA Astrophysics Data System}
}

@ARTICLE{2012Sci...337..444S,
       author = {{Sana}, H. and {de Mink}, S.~E. and {de Koter}, A. and {Langer}, N. and {Evans}, C.~J. and {Gieles}, M. and {Gosset}, E. and {Izzard}, R.~G. and {Le Bouquin}, J. -B. and {Schneider}, F.~R.~N.},
        title = "{Binary Interaction Dominates the Evolution of Massive Stars}",
      journal = {Science},
     keywords = {ASTRONOMY, Astrophysics - Solar and Stellar Astrophysics, Astrophysics - Cosmology and Extragalactic Astrophysics},
         year = 2012,
        month = jul,
       volume = {337},
       number = {6093},
        pages = {444},
          doi = {10.1126/science.1223344},
archivePrefix = {arXiv},
       eprint = {1207.6397},
 primaryClass = {astro-ph.SR},
       adsurl = {https://ui.adsabs.harvard.edu/abs/2012Sci...337..444S},
      adsnote = {Provided by the SAO/NASA Astrophysics Data System}
}

@INPROCEEDINGS{2023ASPC..534..275O,
       author = {{Offner}, S.~S.~R. and {Moe}, M. and {Kratter}, K.~M. and {Sadavoy}, S.~I. and {Jensen}, E.~L.~N. and {Tobin}, J.~J.},
        title = "{The Origin and Evolution of Multiple Star Systems}",
     keywords = {Astrophysics - Solar and Stellar Astrophysics, Astrophysics - Earth and Planetary Astrophysics, Astrophysics - Astrophysics of Galaxies},
    booktitle = {Protostars and Planets VII},
         year = 2023,
       editor = {{Inutsuka}, S. and {Aikawa}, Y. and {Muto}, T. and {Tomida}, K. and {Tamura}, M.},
       series = {Astronomical Society of the Pacific Conference Series},
       volume = {534},
        month = jul,
        pages = {275},
          doi = {10.48550/arXiv.2203.10066},
archivePrefix = {arXiv},
       eprint = {2203.10066},
 primaryClass = {astro-ph.SR},
       adsurl = {https://ui.adsabs.harvard.edu/abs/2023ASPC..534..275O},
      adsnote = {Provided by the SAO/NASA Astrophysics Data System}
}

@ARTICLE{2023PhRvX..13d1039A,
       author = {{Abbott}, R. and {Abbott}, T.~D. and {Acernese}, F. and {Ackley}, K. and {Adams}, C. and {Adhikari}, N. and {Adhikari}, R.~X. and {Adya}, V.~B. and {Affeldt}, C. and {Agarwal}, D. and {Agathos}, M. and {Agatsuma}, K. and {Aggarwal}, N. and {Aguiar}, O.~D. and {Aiello}, L. and {Ain}, A. and {Ajith}, P. and {Akcay}, S. and {Akutsu}, T. and {Albanesi}, S. and {Allocca}, A. and {Altin}, P.~A. and {Amato}, A. and {Anand}, C. and {Anand}, S. and {Ananyeva}, A. and {Anderson}, S.~B. and {Anderson}, W.~G. and {Ando}, M. and {Andrade}, T. and {Andres}, N. and {Andri{\'c}}, T. and {Angelova}, S.~V. and {Ansoldi}, S. and {Antelis}, J.~M. and {Antier}, S. and {Appert}, S. and {Arai}, Koji and {Arai}, Koya and {Arai}, Y. and {Araki}, S. and {Araya}, A. and {Araya}, M.~C. and {Areeda}, J.~S. and {Ar{\`e}ne}, M. and {Aritomi}, N. and {Arnaud}, N. and {Arogeti}, M. and {Aronson}, S.~M. and {Arun}, K.~G. and {Asada}, H. and {Asali}, Y. and {Ashton}, G. and {Aso}, Y. and {Assiduo}, M. and {Aston}, S.~M. and {Astone}, P. and {Aubin}, F. and {Austin}, C. and {Babak}, S. and {Badaracco}, F. and {Bader}, M.~K.~M. and {Badger}, C. and {Bae}, S. and {Bae}, Y. and {Baer}, A.~M. and {Bagnasco}, S. and {Bai}, Y. and {Baiotti}, L. and {Baird}, J. and {Bajpai}, R. and {Ball}, M. and {Ballardin}, G. and {Ballmer}, S.~W. and {Balsamo}, A. and {Baltus}, G. and {Banagiri}, S. and {Bankar}, D. and {Barayoga}, J.~C. and {Barbieri}, C. and {Barish}, B.~C. and {Barker}, D. and {Barneo}, P. and {Barone}, F. and {Barr}, B. and {Barsotti}, L. and {Barsuglia}, M. and {Barta}, D. and {Bartlett}, J. and {Barton}, M.~A. and {Bartos}, I. and {Bassiri}, R. and {Basti}, A. and {Bawaj}, M. and {Bayley}, J.~C. and {Baylor}, A.~C. and {Bazzan}, M. and {B{\'e}csy}, B. and {Bedakihale}, V.~M. and {Bejger}, M. and {Belahcene}, I. and {Benedetto}, V. and {Beniwal}, D. and {Bennett}, T.~F. and {Bentley}, J.~D. and {Benyaala}, M. and {Bergamin}, F. and {Berger}, B.~K. and {Bernuzzi}, S. and {Berry}, C.~P.~L. and {Bersanetti}, D. and {Bertolini}, A. and {Betzwieser}, J. and {Beveridge}, D. and {Bhandare}, R. and {Bhardwaj}, U. and {Bhattacharjee}, D. and {Bhaumik}, S. and {Bilenko}, I.~A. and {Billingsley}, G. and {Bini}, S. and {Birney}, R. and {Birnholtz}, O. and {Biscans}, S. and {Bischi}, M. and {Biscoveanu}, S. and {Bisht}, A. and {Biswas}, B. and {Bitossi}, M. and {Bizouard}, M. -A. and {Blackburn}, J.~K. and {Blair}, C.~D. and {Blair}, D.~G. and {Blair}, R.~M. and {Bobba}, F. and {Bode}, N. and {Boer}, M. and {Bogaert}, G. and {Boldrini}, M. and {Bonavena}, L.~D. and {Bondu}, F. and {Bonilla}, E. and {Bonnand}, R. and {Booker}, P. and {Boom}, B.~A. and {Bork}, R. and {Boschi}, V. and {Bose}, N. and {Bose}, S. and {Bossilkov}, V. and {Boudart}, V. and {Bouffanais}, Y. and {Bozzi}, A. and {Bradaschia}, C. and {Brady}, P.~R. and {Bramley}, A. and {Branch}, A. and {Branchesi}, M. and {Brandt}, J. and {Brau}, J.~E. and {Breschi}, M. and {Briant}, T. and {Briggs}, J.~H. and {Brillet}, A. and {Brinkmann}, M. and {Brockill}, P. and {Brooks}, A.~F. and {Brooks}, J. and {Brown}, D.~D. and {Brunett}, S. and {Bruno}, G. and {Bruntz}, R. and {Bryant}, J. and {Bulik}, T. and {Bulten}, H.~J. and {Buonanno}, A. and {Buscicchio}, R. and {Buskulic}, D. and {Buy}, C. and {Byer}, R.~L. and {Davies}, G.~S. Cabourn and {Cadonati}, L. and {Cagnoli}, G. and {Cahillane}, C. and {Bustillo}, J. Calder{\'o}n and {Callaghan}, J.~D. and {Callister}, T.~A. and {Calloni}, E. and {Cameron}, J. and {Camp}, J.~B. and {Canepa}, M. and {Canevarolo}, S. and {Cannavacciuolo}, M. and {Cannon}, K.~C. and {Cao}, H. and {Cao}, Z. and {Capocasa}, E. and {Capote}, E. and {Carapella}, G. and {Carbognani}, F.},
        title = "{GWTC-3: Compact Binary Coalescences Observed by LIGO and Virgo during the Second Part of the Third Observing Run}",
      journal = {Physical Review X},
     keywords = {General Relativity and Quantum Cosmology, Astrophysics - High Energy Astrophysical Phenomena},
         year = 2023,
        month = oct,
       volume = {13},
       number = {4},
          eid = {041039},
        pages = {041039},
          doi = {10.1103/PhysRevX.13.041039},
archivePrefix = {arXiv},
       eprint = {2111.03606},
 primaryClass = {gr-qc},
       adsurl = {https://ui.adsabs.harvard.edu/abs/2023PhRvX..13d1039A},
      adsnote = {Provided by the SAO/NASA Astrophysics Data System}
}





